%%%%%%%%%%%%%%%%%%%%%%%%%%%%%%%%%%%%%%%%%%%%%%%%%%%%%%%%%%%%%%%%%%%%%%%%%
%%
%W  biblio.bib         ACE standalone documentation          Colin Ramsay
%W                                                            Greg Gamble
%%
%H  $Id$
%%

%%  Colin Ramsay - 20 Sep 1999  is the true author of this document
%%  Greg Gamble  - 28-29 Feb 2000 made minor modifications:
%%                * added books by - Coxeter & Moser
%%                                 - Magnus, Karrass & Solitar
%%                * put this header at the top of the .tex files for CVS

%% biblio.bib - BibTeX database file of ACE references
%%
%%  5   10   15   20   25   30   35   40   45   50   55   60   65   70   75
%%..|....|....|....|....|....|....|....|....|....|....|....|....|....|....|

@ARTICLE{CDHW,
  AUTHOR        = {John J. Cannon and Lucien A. Dimino and George Havas
			and Jane M. Watson},
  TITLE         = {Implementation and analysis of the {Todd-Coxeter}
			algorithm},
  JOURNAL       = {Mathematics of Computation},
  YEAR          = {1973},
  VOLUME        = {27},
  NUMBER        = {123},
  PAGES         = {463--490},
  MONTH         = {July}
}

@ARTICLE{Dok,
  AUTHOR        = {Dragomir Z. Dokovic},
  TITLE         = {Presentations of some finite simple groups},
  JOURNAL       = {Journal of the Australian Mathematical Society 
			(Series A)},
  YEAR          = {1988},
  VOLUME        = {45},
  NUMBER        = {2},
  PAGES         = {143--168},
  MONTH         = {October}
}

@INCOLLECTION{Lee,
  AUTHOR        = {John Leech},
  TITLE         = {Coset enumeration},
  BOOKTITLE     = {Computational Group Theory},
  PUBLISHER     = {Academic Press},
  YEAR          = {1984},
  EDITOR        = {Michael D. Atkinson},
  PAGES         = {3--18}
}

@INCOLLECTION{War,
  AUTHOR        = {J.N. Ward},
  TITLE         = {A note on the {Todd-Coxeter} algorithm},
  BOOKTITLE     = {Group Theory (Canberra, 1975)},
  PUBLISHER     = {Springer-{\kern-1.5pt}Verlag},
  YEAR          = {1977},
  EDITOR        = {R.A. Bryce and J. Cossey and M.F. Newman},
  NUMBER        = {573},
  SERIES        = {Lecture Notes in Mathematics},
  PAGES         = {126--129}
}

@ARTICLE{BCP,
  AUTHOR        = {W. Bosma and J. Cannon and C. Playoust},
  TITLE         = {The \textsc{Magma} algebra system {I}: 
			the user language},
  JOURNAL       = {Journal of Symbolic Computation},
  YEAR          = {1997},
  VOLUME        = {24},
  PAGES         = {235--265}
}

@MANUAL{Sch,
  TITLE         = {\textsf{GAP} -- Groups, Algorithms and Programming},
  AUTHOR        = {M. {Sch\"onert et al.}},
  ORGANIZATION  = {Lehrstuhl D f\"ur Mathematik},
  ADDRESS       = {Rheinisch-Westf\"alische Technische Hochschule,
			Aachen},
  YEAR          = {1995}
}

@INCOLLECTION{AHT,
  AUTHOR        = {M.D. Atkinson and R.A. Hassan and M.P. Thorne},
  TITLE         = {Group theory on a micro-computer},
  BOOKTITLE     = {Computational Group Theory},
  PUBLISHER     = {Academic Press},
  YEAR          = {1984},
  EDITOR        = {Michael D. Atkinson},
  PAGES         = {275--280}
}

@INCOLLECTION{HKRR,
  AUTHOR        = {George Havas and P.E. Kenne and J.S. Richardson and
			E.F. Robertson},
  TITLE         = {A {Tietze} transformation program},
  BOOKTITLE     = {Computational Group Theory},
  PUBLISHER     = {Academic Press},
  YEAR          = {1984},
  EDITOR        = {Michael D. Atkinson},
  PAGES         = {69--73}
}

@INCOLLECTION{Bee,
  AUTHOR        = {M.J. Beetham},
  TITLE         = {Space saving in coset enumeration},
  BOOKTITLE     = {Computational Group Theory},
  PUBLISHER     = {Academic Press},
  YEAR          = {1984},
  EDITOR        = {Michael D. Atkinson},
  PAGES         = {19--25}
}

@INPROCEEDINGS{Hav,
  AUTHOR        = {George Havas},
  TITLE         = {Coset enumeration strategies},
  BOOKTITLE     = {ISSAC'91 (Proceedings of the 1991 International
			Symposium on Symbolic and Algebraic Computation)},
  YEAR          = {1991},
  EDITOR        = {Stephen M. Watt},
  PAGES         = {191--199},
  PUBLISHER     = {ACM Press}
}

@BOOK{Pla,
  AUTHOR        = {P.J. Plauger},
  TITLE         = {The Standard {C} Library},
  PUBLISHER     = {Prentice Hall},
  YEAR          = {1992}
}

@BOOK{MKS,
  AUTHOR        = {Wilhelm Magnus and Abraham Karrass and Daniel Solitar},
  TITLE         = {Combinatorial Group Theory},
  PUBLISHER     = {Dover},
  EDITION       = {2nd},
  YEAR          = {1976}
}

@BOOK{CM,
  AUTHOR        = {H.S.M. Coxeter and W.O.J. Moser},
  TITLE         = {Generators and Relations for Discrete Groups},
  PUBLISHER     = {Springer-Verlag},
  EDITION       = {3rd},
  YEAR          = {1972}
}

@MISC{C11,
  KEY		= {Group-pub-forum},
  NOTE          = {Group-pub-forum e-mail list
		     (\texttt{group-pub-forum@maths.bath.ac.uk}),
		   Problem 11, 1996.
		   See \texttt{http://www2.bath.ac.uk/}%
\verb+~+\texttt{masgcs/problem/problem11.htm}}
}

@MISC{HHKR,
  AUTHOR        = {George Havas and Derek F. Holt and P.E. Kenne and
			Sarah Rees},
  TITLE         = {Some challenging group presentations},
  YEAR          = {1999 (preprint)}
}

@MISC{HR,
  AUTHOR	= {George Havas and Colin Ramsay},
  TITLE		= {Coset enumeration: {ACE} version 3, 1999},
  NOTE		= {Available as \texttt{http://www.csee.uq.edu.au/}%
\verb+~+\texttt{havas/ace3.tar.gz}}
}

@INCOLLECTION{KB,
  AUTHOR        = {D.E. Knuth and P.B. Bendix},
  TITLE         = {Simple word problems in universal algebras},
  BOOKTITLE     = {Computational Problems in Abstract Algebra},
  PUBLISHER     = {Pergamon Press, Oxford},
  YEAR          = {1970},
  PAGES         = {263--297},
}

@INCOLLECTION{Lee2,
  AUTHOR        = {John Leech},
  TITLE         = {Computer proof of relations in groups},
  BOOKTITLE     = {Topics in Group Theory and Computation},
  PUBLISHER     = {Academic Press},
  YEAR          = {1977},
  EDITOR        = {Michael P.J. Curran},
  PAGES         = {38--61}
}

@ARTICLE{Hav2,
  AUTHOR        = {George Havas},
  TITLE         = {Computer aided determination of a {Fibonacci} group},
  JOURNAL       = {Bulletin of the Australian Mathematical Society},
  YEAR          = {1976},
  VOLUME        = {15},
  PAGES         = {297--305}
}

@MASTERSTHESIS{Ede,
  AUTHOR        = {Margaret Edeson},
  TITLE         = {Investigations in coset enumeration},
  SCHOOL        = {Canberra College of Advanced Education},
  YEAR          = {1989}
}

@MISC{Fel,
  AUTHOR	= {V. Felsch},
  NOTE		= {E-mail to Havas, 1998}
}

@ARTICLE{Moo,
  AUTHOR        = {E.H. Moore},
  TITLE         = {Concerning the abstract groups of order $k!$ and
	$\frac{1}{2}k!$ holohedrically isomorphic with the symmetric and 
	the alternating substitution-groups on $k$ letters},
  JOURNAL       = {Proceedings of the London Mathematical Society (1)},
  YEAR          = {1897},
  VOLUME        = {28},
  PAGES         = {357--366}
}

@ARTICLE{TC,
  AUTHOR        = {J.A. Todd and H.S.M. Coxeter},
  TITLE         = {A practical method for enumerating cosets of finite
			abstract groups},
  JOURNAL       = {Proceedings of the Edinburgh Mathematical Society},
  YEAR          = {1936},
  VOLUME        = {5},
  PAGES         = {26--34}
}

@ARTICLE{Lee3,
  AUTHOR        = {J. Leech},
  TITLE         = {Coset enumeration on digital computers},
  JOURNAL       = {Proceedings of the Cambridge Philosophical Society},
  YEAR          = {1963},
  VOLUME        = {59},
  PAGES         = {257--267}
}

@BOOK{Sim,
  AUTHOR        = {Charles C. Sims},
  TITLE         = {Computation with finitely presented groups},
  PUBLISHER     = {Cambridge University Press},
  YEAR          = {1994}
}

@INCOLLECTION{Neu,
  AUTHOR        = {J. Neub\"{u}ser},
  TITLE         = {An elementary introduction to coset-table methods in
			computational group theory},
  BOOKTITLE     = {Groups -- St. Andrews 1981},
  SERIES        = {London Mathematical Society Lecture Note Series 71},
  PUBLISHER     = {Cambridge University Press},
  YEAR          = {1982},
  PAGES         = {1--45}
}

@ARTICLE{Men,
  AUTHOR        = {N.S. Mendelsohn},
  TITLE         = {An algorithmic solution for a word problem in group
			theory},
  JOURNAL       = {Canadian Journal of Mathematics},
  YEAR          = {1964},
  VOLUME        = {16},
  PAGES         = {509--516},
  NOTE		= {Corrigendum: \textit{Ibid.} 17:505, 1965.}
}

@ARTICLE{Can,
  AUTHOR        = {J.H. Conway},
  TITLE         = {Problem \#5327},
  JOURNAL       = {American Mathematical Monthly},
  YEAR          = {1965},
  VOLUME        = {72},
  PAGES         = {915},
  NOTE		= {Solutions, by various authors, given in: 
		Generators and relations for cyclic groups,
		\textit{Ibid.}, 74:91--93, 1965.}
}

@BOOK{Dic,
  AUTHOR        = {L.E. Dickson},
  TITLE         = {Linear Groups, with an exposition of the Galois field
			theory},
  PUBLISHER     = {B.G. Teubner, Leipzig},
  YEAR          = {1901}
}

@TECHREPORT{HR1,
  AUTHOR        = {George Havas and Colin Ramsay},
  TITLE         = {Experiments in coset enumeration},
  INSTITUTION   = {Centre for Discrete Mathematics and Computing},
  YEAR          = {1999},
  NUMBER        = {13},
  ADDRESS       = {The University of Queensland}
}

@ARTICLE{HR2,
  AUTHOR        = {George Havas and Colin Ramsay},
  TITLE         = {The trivial group made easy},
  JOURNAL       = {Bulletin of the Australian Mathematical Society},
  YEAR          = {to appear}
}

@ARTICLE{Hig,
  AUTHOR        = {G. Higman},
  TITLE         = {A finitely generated infinite simple group},
  JOURNAL       = {Journal of the London Mathematical Society},
  YEAR          = {1951},
  VOLUME        = {26},
  PAGES         = {61--64}
}

@ARTICLE{Neu1,
  AUTHOR        = {B.H. Neumann},
  TITLE         = {An essay on free products of groups with
			amalgamations},
  JOURNAL       = {Philosophical Transactions of the Royal Society of
			London (A)},
  YEAR          = {1954},
  VOLUME        = {246},
  PAGES         = {503--554}
}

@ARTICLE{Neu2,
  AUTHOR        = {B.H. Neumann},
  TITLE         = {Proofs},
  JOURNAL       = {The Mathematical Intelligencer},
  YEAR          = {1979},
  VOLUME        = {2},
  ISSUE		= {1},
  PAGES         = {18--19}
}

@INCOLLECTION{CH,
  AUTHOR        = {Gene Cooperman and George Havas},
  TITLE         = {Practical parallel coset enumeration},
  BOOKTITLE     = {Workshop on High Performance Computing and Gigabit 
			Local Area Networks},
  PUBLISHER     = {Springer-{\kern-1.5pt}Verlag},
  YEAR          = {1997},
  EDITOR        = {G. Cooperman and G. Michler and H. Vinck},
  NUMBER        = {226},
  SERIES        = {Lecture Notes in Control and Information Sciences},
  PAGES         = {15--27}
}

@BOOK{CLR,
  AUTHOR        = {Thomas H. Cormen and Charles E. Leiserson and Ronald
			L. Rivest},
  TITLE         = {Introduction to Algorithms},
  PUBLISHER     = {The MIT Press},
  YEAR          = {1990}
}

@INCOLLECTION{Lee4,
  AUTHOR        = {John Leech},
  TITLE         = {Coset enumeration},
  BOOKTITLE     = {Computational Problems in Abstract Algebra},
  PUBLISHER     = {Pergamon Press, Oxford},
  YEAR          = {1970},
  PAGES         = {21--35},
}

%%%%%%%%%%%%%%%%%%%%%%%%%%%%%%%%%%%%%%%%%%%%%%%%%%%%%%%%%%%%%%%%%%%%%%%%%
%%
%E
